@article{cogdims,
    author = {T. R. G. Green and M. Petre},
    title = {Usability Analysis of Visual Programming Environments: a `cognitive dimensions' framework},
    journal = {JOURNAL OF VISUAL LANGUAGES AND COMPUTING},
    year = {1996},
    volume = {7},
    pages = {131--174}
}
@online{BYTEmag,
  title = "BYTE Magazine Volume 6, Number 8",
  url = "https://archive.org/details/byte-magazine-1981-08/",
  year = "1981",
}
@inproceedings{eval-prog-sys,
  author    = {Jonathan Edwards and Stephen Kell and
               Tomas Petricek and Luke Church},
  title     = {Evaluating programming systems design},
  booktitle = {Proceedings of 30th Annual Workshop of
               Psychology of Programming Interest Group},
  series    = {PPIG 2019},
  location  = {Newcastle, UK},
  year      = {2019}
}
