@online{prog21-bbox,
  title = "Living Inside Your Own Black Box",
  url = "https://prog21.dadgum.com/66.html",
  author = "James Hague",
  year = "2010",
}
@online{prog21-dyn,
  title = "Dynamic Everything Else",
  url = "https://prog21.dadgum.com/182.html",
  author = "James Hague",
  year = "2013",
}
@online{externalise,
  title = "Software and How it Lives On --- Embedding Live Programs in the World Around Them",
  url = "http://www.klokmose.net/clemens/wp-content/uploads/2016/10/ppig-2016.pdf",
  year = "2016",
  author = "Antranig Basman and Luke Church and Clemens Klokmose and Colin Clark",
}
@online{crit-semprola,
  title = "Critique of ``Semprola: A Semiotic Programming Language''",
  url = "https://www.shift-society.org/salon/papers/2018/critiques/critique-semprola.pdf",
  author = "Antranig Basman",
  year = "2018",
}
@online{COLAs,
  title = "Accessible Language-Based Environments of Recursive Theories",
  url = "http://www.vpri.org/pdf/rn2006001a_colaswp.pdf",
  author = "Ian Piumarta",
  year = "2006",
}
@online{OROM,
  title = "Open, Reusable Object Models",
  url = "http://www.vpri.org/pdf/tr2006003a_objmod.pdf",
  author = "Ian Piumarta and Alessandro Warth",
  year = "2006",
}
@article{cassowary,
  title = "Solving Linear Arithmetic Constraints for User Interface Applications",
  url = "https://constraints.cs.washington.edu/solvers/uist97.html",
  author = "Alan Borning and Kim Marriott and Peter Stuckey and Yi Xiao",
  year = "1997",
  journaltitle = "Proceedings of the 1997 ACM Symposium on User Interface Software and Technology",
  pages = "87--96",
}
@online{boxer,
  title = "Boxer: a reconstructible computational medium",
  url = "http://worrydream.com/refs/diSessa%20-%20Boxer%20-%20A%20Reconstructible%20Computational%20Medium.pdf",
  year = "1986",
  author = "Andrea diSessa and Harold Abelson",
}
@online{orom-html,
  title = "Hacking together OROM/DOM+Ctrl+Shift+J",
  url = "https://programmingmadecomplicated.wordpress.com/2018/01/18/3-hacking-together-orom-domctrlshiftj/",
  year = "2018",
  author = "Joel Jakubovic",
}
